@article{0483bd9444a348c8b59d54a190839ec9,
title = "Deep learning",
author = "Yann Lecun and Yoshua Bengio and Geoffrey Hinton",
year = "2015",
month = "5",
doi = "10.1038/nature14539",
volume = "521",
pages = "436--444",
journal = "Nature",
issn = "0028-0836",
number = "7553",
}

@ARTICLE{2013arXiv1311.2496M,
   author = {{Matheson}, T. and {Fan}, X. and {Green}, R. and {McConnachie}, A. and 
	{Newman}, J. and {Olsen}, K. and {Szkody}, P. and {Wood-Vasey}, W.~M.
	},
    title = "{Spectroscopy in the Era of LSST}",
  journal = {ArXiv e-prints},
archivePrefix = "arXiv",
   eprint = {1311.2496},
 primaryClass = "astro-ph.CO",
 keywords = {Astrophysics - Cosmology and Extragalactic Astrophysics},
     year = 2013,
    month = nov,
   adsurl = {http://adsabs.harvard.edu/abs/2013arXiv1311.2496M},
  adsnote = {Provided by the SAO/NASA Astrophysics Data System}
}

@ARTICLE{2009arXiv0912.0201L,
   author = {{LSST Science Collaboration} and {Abell}, P.~A. and {Allison}, J. and 
	{Anderson}, S.~F. and {Andrew}, J.~R. and {Angel}, J.~R.~P. and 
	{Armus}, L. and {Arnett}, D. and {Asztalos}, S.~J. and {Axelrod}, T.~S. and et al.},
    title = "{LSST Science Book, Version 2.0}",
  journal = {ArXiv e-prints},
archivePrefix = "arXiv",
   eprint = {0912.0201},
 primaryClass = "astro-ph.IM",
 keywords = {Astrophysics - Instrumentation and Methods for Astrophysics, Astrophysics - Cosmology and Extragalactic Astrophysics, Astrophysics - Earth and Planetary Astrophysics, Astrophysics - Galaxy Astrophysics, Astrophysics - Solar and Stellar Astrophysics},
     year = 2009,
    month = dec,
   adsurl = {http://adsabs.harvard.edu/abs/2009arXiv0912.0201L},
  adsnote = {Provided by the SAO/NASA Astrophysics Data System}
}

@article{JMLR:v15:srivastava14a,
  author  = {Nitish Srivastava and Geoffrey Hinton and Alex Krizhevsky and Ilya Sutskever and Ruslan Salakhutdinov},
  title   = {Dropout: A Simple Way to Prevent Neural Networks from Overfitting},
  journal = {Journal of Machine Learning Research},
  year    = {2014},
  volume  = {15},
  pages   = {1929-1958},
  url     = {http://jmlr.org/papers/v15/srivastava14a.html}
}

@article{Newling:2010bp,
      author         = "Newling, James and others",
      title          = "{Statistical Classification Techniques for Photometric
                        Supernova Typing}",
      journal        = "Mon. Not. Roy. Astron. Soc.",
      volume         = "414",
      year           = "2011",
      pages          = "1987-2004",
      doi            = "10.1111/j.1365-2966.2011.18514.x",
      eprint         = "1010.1005",
      archivePrefix  = "arXiv",
      primaryClass   = "astro-ph.CO",
      SLACcitation   = "%%CITATION = ARXIV:1010.1005;%%"
}

@article{Karpenka:2012pm,
      author         = "Karpenka, N. V. and Feroz, F. and Hobson, M. P.",
      title          = "{A simple and robust method for automated photometric
                        classification of supernovae using neural networks}",
      journal        = "Mon. Not. Roy. Astron. Soc.",
      volume         = "429",
      year           = "2013",
      pages          = "1278",
      doi            = "10.1093/mnras/sts412",
      eprint         = "1208.1264",
      archivePrefix  = "arXiv",
      primaryClass   = "astro-ph.CO",
      SLACcitation   = "%%CITATION = ARXIV:1208.1264;%%"
}

@article{Lochner:2016hbn,
      author         = "Lochner, Michelle and McEwen, Jason D. and Peiris,
                        Hiranya V. and Lahav, Ofer and Winter, Max K.",
      title          = "{Photometric Supernova Classification With Machine
                        Learning}",
      year           = "2016",
      eprint         = "1603.00882",
      archivePrefix  = "arXiv",
      primaryClass   = "astro-ph.IM",
      SLACcitation   = "%%CITATION = ARXIV:1603.00882;%%"
}

@article{Kessler:2010qj,
      author         = "Kessler, Richard and others",
      title          = "{Results from the Supernova Photometric Classification
                        Challenge}",
      journal        = "Publ. Astron. Soc. Pac.",
      volume         = "122",
      year           = "2010",
      pages          = "1415-1431",
      doi            = "10.1086/657607",
      eprint         = "1008.1024",
      archivePrefix  = "arXiv",
      primaryClass   = "astro-ph.CO",
      reportNumber   = "FERMILAB-PUB-10-602-A",
      SLACcitation   = "%%CITATION = ARXIV:1008.1024;%%"
}

@article{Kessler:2010wk,
      author         = "Kessler, Richard and Conley, Alex and Jha, Saurabh and
                        Kuhlmann, Stephen",
      title          = "{Supernova Photometric Classification Challenge}",
      year           = "2010",
      eprint         = "1001.5210",
      archivePrefix  = "arXiv",
      primaryClass   = "astro-ph.IM",
      SLACcitation   = "%%CITATION = ARXIV:1001.5210;%%"
}

@article{LSTM,
	author = "Hochreiter, S. and Schmidhuber, J.",
	title = "Long short-term memory",
	year = "1997",
	journal = "Neural Computation",
	volume = "9(8)",
	pages = "1735-1780"
}

@ARTICLE{2014arXiv1412.3555C,
   author = {{Chung}, J. and {Gulcehre}, C. and {Cho}, K. and {Bengio}, Y.
	},
    title = "{Empirical Evaluation of Gated Recurrent Neural Networks on Sequence Modeling}",
  journal = {ArXiv e-prints},
archivePrefix = "arXiv",
   eprint = {1412.3555},
 keywords = {Computer Science - Neural and Evolutionary Computing, Computer Science - Learning},
     year = 2014,
    month = dec,
   adsurl = {http://adsabs.harvard.edu/abs/2014arXiv1412.3555C},
  adsnote = {Provided by the SAO/NASA Astrophysics Data System}
}

@ARTICLE{2014arXiv1412.6980K,
   author = {{Kingma}, D. and {Ba}, J.},
    title = "{Adam: A Method for Stochastic Optimization}",
  journal = {ArXiv e-prints},
archivePrefix = "arXiv",
   eprint = {1412.6980},
 primaryClass = "cs.LG",
 keywords = {Computer Science - Learning},
     year = 2014,
    month = dec,
   adsurl = {http://adsabs.harvard.edu/abs/2014arXiv1412.6980K},
}

@ARTICLE{2014arXiv1404.7828S,
   author = {{Schmidhuber}, J.},
    title = "{Deep Learning in Neural Networks: An Overview}",
  journal = {ArXiv e-prints},
archivePrefix = "arXiv",
   eprint = {1404.7828},
 keywords = {Computer Science - Neural and Evolutionary Computing, Computer Science - Learning},
     year = 2014,
    month = apr,
   adsurl = {http://adsabs.harvard.edu/abs/2014arXiv1404.7828S},
  adsnote = {Provided by the SAO/NASA Astrophysics Data System}
}
